@article{macrae1977political,
  title     = {A political model of the business cycle},
  author    = {MacRae, C Duncan},
  journal   = {Journal of political economy},
  volume    = {85},
  number    = {2},
  pages     = {239--263},
  year      = {1977},
  publisher = {The University of Chicago Press}
}
@article{nordhaus1975political,
  title     = {The political business cycle},
  author    = {Nordhaus, William D},
  journal   = {The review of economic studies},
  volume    = {42},
  number    = {2},
  pages     = {169--190},
  year      = {1975},
  publisher = {Wiley-Blackwell}
}
@article{revelli2006performance,
  title     = {Performance rating and yardstick competition in social service provision},
  author    = {Revelli, Federico},
  journal   = {Journal of Public Economics},
  volume    = {90},
  number    = {3},
  pages     = {459--475},
  year      = {2006},
  publisher = {Elsevier}
}
@article{shleifer1985theory,
  title     = {A theory of yardstick competition},
  author    = {Shleifer, Andrei},
  journal   = {The RAND journal of Economics},
  pages     = {319--327},
  year      = {1985},
  publisher = {JSTOR}
}
@article{khilji1994fungibility,
  title     = {The fungibility of US military and non-military assistance and the impacts on expenditures of major aid recipients},
  author    = {Khilji, Nasir M and Zampelli, Ernest M},
  journal   = {Journal of Development Economics},
  volume    = {43},
  number    = {2},
  pages     = {345--362},
  year      = {1994},
  publisher = {Elsevier}
}
@article{khilji1991fungibility,
  title     = {The fungibility of US assistance to developing countries and the impact on recipient expanditures: a case study of Pakistan},
  author    = {Khilji, Nasir M and Zampelli, Ernest M},
  journal   = {World Development},
  volume    = {19},
  number    = {8},
  pages     = {1095--1105},
  year      = {1991},
  publisher = {Elsevier}
}
@article{zampelli1986resource,
  title     = {Resource fungibility, the flypaper effect, and the expenditure impact of grants-in-aid},
  author    = {Zampelli, Ernest M},
  journal   = {The Review of Economics and Statistics},
  pages     = {33--40},
  year      = {1986},
  publisher = {JSTOR}
}
@article{bednar2007credit,
  title     = {Credit assignment and federal encroachment},
  author    = {Bednar, Jenna},
  journal   = {Supreme Court Economic Review},
  volume    = {15},
  number    = {1},
  pages     = {285--308},
  year      = {2007},
  publisher = {University of Chicago Press Chicago, IL}
}
@article{cepparulo2019public,
  title   = {Public Private Partnership and fiscal illusion: A systematic review},
  author  = {Cepparulo, Alessandra and Eusepi, Giuseppe and Giuriato, Luisa},
  journal = {Journal of Infrastructure, Policy and Development},
  volume  = {3},
  number  = {2},
  pages   = {288--309},
  year    = {2019}
} 
@incollection{mcgillivray2019aid,
  title     = {Aid illusion and public sector fiscal behaviour},
  author    = {McGillivray, Mark and Morrissey, Oliver},
  booktitle = {Changing the Conditions for Development Aid},
  pages     = {118--139},
  year      = {2019},
  publisher = {Routledge}
}
@article{pommerehne1978fiscal,
  title     = {Fiscal illusion, political institutions, and local public spending},
  author    = {Pommerehne, Werner W and Schneider*, Friedrich},
  journal   = {Kyklos},
  volume    = {31},
  number    = {3},
  pages     = {381--408},
  year      = {1978},
  publisher = {Wiley Online Library}
}
@article{nicholson2012leaving,
  title     = {Leaving money on the table: Learning from recent refusals of federal grants in the American states},
  author    = {Nicholson-Crotty, Sean},
  journal   = {Publius: The Journal of Federalism},
  volume    = {42},
  number    = {3},
  pages     = {449--466},
  year      = {2012},
  publisher = {Oxford University Press}
}
@article{dixit1995redistributive,
  title     = {Redistributive politics and economic efficiency},
  author    = {Dixit, Avinash and Londregan, John},
  journal   = {American political science Review},
  volume    = {89},
  number    = {4},
  pages     = {856--866},
  year      = {1995},
  publisher = {Cambridge University Press}
}
@article{1976A,
  title  = {A Rational Choice Perspective on Congressional Norms.},
  author = { Weingast, Barry },
  year   = {1976}
}
@article{1988Exploring,
  title   = {Exploring Federalism},
  author  = { Kuic, Vukan  and  Elazar, Daniel J. },
  journal = {Crossref Listing of Deleted Dois},
  volume  = {18},
  number  = {2},
  pages   = {187},
  year    = {1988}
}
@article{2010Centralization,
  title   = {Centralization and Decentralization in Collective Bargaining},
  author  = { Treu, Tiziano },
  journal = {Labour},
  volume  = {1},
  number  = {1},
  pages   = {147-174},
  year    = {2010}
}
@article{1967American,
  title   = {American Federalism: A view from the states},
  author  = { Elazar, Daniel },
  journal = {Journal of Politics},
  year    = {1967}
}
%%%%%%%above copyed from 1st%%%%%%%%%%
%%%%%%%below mainbbody%%%%%%%%%%%%%%
@article{musgrave1971economics,
  title     = {Economics of fiscal federalism},
  author    = {Musgrave, Richard A},
  journal   = {Nebraska Journal of Economics and Business},
  pages     = {3--13},
  year      = {1971},
  publisher = {JSTOR}
}

@article{musgrave1997devolution,
  title   = {Devolution, grants, and fiscal competition},
  author  = {Musgrave, Richard A},
  journal = {Journal of Economic perspectives},
  volume  = {11},
  number  = {4},
  pages   = {65--72},
  year    = {1997}
}
@article{baron1989bargaining,
  title     = {Bargaining in legislatures},
  author    = {Baron, David P and Ferejohn, John A},
  journal   = {American political science review},
  volume    = {83},
  number    = {4},
  pages     = {1181--1206},
  year      = {1989},
  publisher = {Cambridge University Press}
}
@article{banks2006general,
  title   = {A general bargaining model of legislative policy-making},
  author  = {Banks, Jeffrey S and Duggan, John},
  journal = {Quarterly Journal of Political Science},
  volume  = {1},
  number  = {1},
  pages   = {49--85},
  year    = {2006}
}
@incollection{hayek2009use,
  title     = {The use of knowledge in society},
  author    = {Hayek, Frederick A},
  booktitle = {Knowledge management and organizational design},
  pages     = {7--15},
  year      = {2009},
  publisher = {Routledge}
}
@article{stigler1998tenable,
  title     = {The tenable range of functions of local government},
  author    = {Stigler, George J},
  journal   = {International Library of Critical Writings in Economics},
  volume    = {88},
  pages     = {3--9},
  year      = {1998},
  publisher = {EDWARD ELGAR PUBLISHING LTD}
}
@article{tiebout1956pure,
  title     = {A pure theory of local expenditures},
  author    = {Tiebout, Charles M},
  journal   = {Journal of political economy},
  volume    = {64},
  number    = {5},
  pages     = {416--424},
  year      = {1956},
  publisher = {The University Press of Chicago}
}
@book{pareto2014manual,
  title     = {Manual of political economy: a critical and variorum edition},
  author    = {Pareto, Vilfredo},
  year      = {2014},
  publisher = {OUP Oxford}
}
@article{eckstein1958water,
  title     = {Water resource development-the economics of project evaluation.},
  author    = {Eckstein, Otto and others},
  journal   = {Water resource development-the economics of project evaluation.},
  year      = {1958},
  publisher = {Cambridge, Mass.: Harvard Univ. Pr.}
}
@article{olson1993dictatorship,
  title     = {Dictatorship, democracy, and development},
  author    = {Olson, Mancur},
  journal   = {American political science review},
  volume    = {87},
  number    = {3},
  pages     = {567--576},
  year      = {1993},
  publisher = {Cambridge University Press}
}
@article{oates1972fiscal,
  title     = {Fiscal federalism},
  author    = {Oates, Wallace E and others},
  journal   = {Books},
  year      = {1972},
  publisher = {Edward Elgar Publishing}
}
@article{myerson1979incentive,
  title     = {Incentive compatibility and the bargaining problem},
  author    = {Myerson, Roger B},
  journal   = {Econometrica: journal of the Econometric Society},
  pages     = {61--73},
  year      = {1979},
  publisher = {JSTOR}
}
@article{2003Centralized,
  title   = {Centralized Versus Decentralized Provision of Local Public Goods: A Political Economy Approach},
  author  = { Besley, T.  and  Coate, S. },
  journal = {Journal of Public Economics},
  volume  = {87},
  number  = {12},
  pages   = {2611-2637},
  year    = {2003}
}
@article{martinez2003fiscal,
  title     = {Fiscal decentralization and economic growth},
  author    = {Martinez-Vazquez, Jorge and McNab, Robert M},
  journal   = {World development},
  volume    = {31},
  number    = {9},
  pages     = {1597--1616},
  year      = {2003},
  publisher = {Elsevier}
}
@article{baicker2005spillover,
  title     = {The spillover effects of state spending},
  author    = {Baicker, Katherine},
  journal   = {Journal of public economics},
  volume    = {89},
  number    = {2-3},
  pages     = {529--544},
  year      = {2005},
  publisher = {Elsevier}
}
@article{hurwicz1973design,
  title     = {The design of mechanisms for resource allocation},
  author    = {Hurwicz, Leonid},
  journal   = {The American Economic Review},
  volume    = {63},
  number    = {2},
  pages     = {1--30},
  year      = {1973},
  publisher = {JSTOR}
}
@article{2010governance,
  title  = {governance and performance of universities: evidence from Europe and the US | Economic Policy | Oxford Academic},
  author = { Aghion, P.  and  Dewatripont, M.  and  Hoxby, C.  and  Mascolell, A.  and  Sapir, A. },
  year   = {2010}
}
@article{baretti2002tax,
  title     = {A tax on tax revenue: The incentive effects of equalizing transfers: Evidence from Germany},
  author    = {Baretti, Christian and Huber, Bernd and Lichtblau, Karl},
  journal   = {International Tax and Public Finance},
  volume    = {9},
  pages     = {631--649},
  year      = {2002},
  publisher = {Springer}
}
@article{bucovetsky2006efficiency,
  title     = {The efficiency consequences of local revenue equalization: Tax competition and tax distortions},
  author    = {Bucovetsky, Sam and Smart, Michael},
  journal   = {Journal of Public Economic Theory},
  volume    = {8},
  number    = {1},
  pages     = {119--144},
  year      = {2006},
  publisher = {Wiley Online Library}
}
@article{dahlby2011marginal,
  title     = {The marginal cost of public funds and the flypaper effect},
  author    = {Dahlby, Bev},
  journal   = {International Tax and Public Finance},
  volume    = {18},
  pages     = {304--321},
  year      = {2011},
  publisher = {Springer}
}
@inproceedings{jha2000tax,
  title        = {Tax efficiency in selected Indian states},
  author       = {Jha, Raghbendra and Mohanty, Madhusudan S and Chatterjee, Somnath and Chitkara, Puneet},
  booktitle    = {Advances in public economics},
  pages        = {91--104},
  year         = {2000},
  organization = {Springer}
}
@article{cai2005does,
  title     = {Does competition for capital discipline governments? Decentralization, globalization, and public policy},
  author    = {Cai, Hongbin and Treisman, Daniel},
  journal   = {American Economic Review},
  volume    = {95},
  number    = {3},
  pages     = {817--830},
  year      = {2005},
  publisher = {American Economic Association}
}
@article{barro1991economic,
  title     = {Economic growth in a cross section of countries},
  author    = {Barro, Robert J},
  journal   = {The quarterly journal of economics},
  volume    = {106},
  number    = {2},
  pages     = {407--443},
  year      = {1991},
  publisher = {MIT Press}
}
@article{jin2005regional,
  title     = {Regional decentralization and fiscal incentives: Federalism, Chinese style},
  author    = {Jin, Hehui and Qian, Yingyi and Weingast, Barry R},
  journal   = {Journal of public economics},
  volume    = {89},
  number    = {9-10},
  pages     = {1719--1742},
  year      = {2005},
  publisher = {Elsevier}
}
@article{keen1997fiscal,
  title     = {Fiscal competition and the pattern of public spending},
  author    = {Keen, Michael and Marchand, Maurice},
  journal   = {Journal of public economics},
  volume    = {66},
  number    = {1},
  pages     = {33--53},
  year      = {1997},
  publisher = {Elsevier}
}
@article{treisman2002decentralization,
  title   = {Decentralization and the Quality of Government},
  author  = {Treisman, Daniel},
  journal = {unpublished paper, Department of Political Science, UCLA},
  year    = {2002}
}
@article{bardhan2002decentralization,
  title     = {Decentralization of governance and development},
  author    = {Bardhan, Pranab},
  journal   = {Journal of Economic perspectives},
  volume    = {16},
  number    = {4},
  pages     = {185--205},
  year      = {2002},
  publisher = {American Economic Association}
}
@article{bucovetsky2005public,
  title     = {Public input competition},
  author    = {Bucovetsky, Sam},
  journal   = {Journal of Public Economics},
  volume    = {89},
  number    = {9-10},
  pages     = {1763--1787},
  year      = {2005},
  publisher = {Elsevier}
}
@article{faguet2004does,
  title     = {Does decentralization increase government responsiveness to local needs?: Evidence from Bolivia},
  author    = {Faguet, Jean-Paul},
  journal   = {Journal of public economics},
  volume    = {88},
  number    = {3-4},
  pages     = {867--893},
  year      = {2004},
  publisher = {Elsevier}
}
@incollection{oates2004essay,
  title     = {An essay on fiscal federalism},
  author    = {Oates, Wallace E},
  booktitle = {Environmental Policy and Fiscal Federalism},
  pages     = {384--414},
  year      = {2004},
  publisher = {Edward Elgar Publishing}
}
@article{mogues2012external,
  title     = {Do external grants to district governments discourage own revenue generation? A look at local public finance dynamics in Ghana},
  author    = {Mogues, Tewodaj and Benin, Samuel},
  journal   = {World Development},
  volume    = {40},
  number    = {5},
  pages     = {1054--1067},
  year      = {2012},
  publisher = {Elsevier}
}
@article{hines1995anomalies,
  title     = {Anomalies: The flypaper effect},
  author    = {Hines Jr, James R and Thaler, Richard H},
  journal   = {Journal of economic perspectives},
  volume    = {9},
  number    = {4},
  pages     = {217--226},
  year      = {1995},
  publisher = {American Economic Association}
}
@article{qian1998federalism,
  title     = {Federalism and the soft budget constraint},
  author    = {Qian, Yingyi and Roland, Gerard},
  journal   = {American economic review},
  pages     = {1143--1162},
  year      = {1998},
  publisher = {JSTOR}
}
@book{mckinnon1993order,
  title     = {The order of economic liberalization: Financial control in the transition to a market economy},
  author    = {McKinnon, Ronald I},
  year      = {1993},
  publisher = {JHU Press}
}
@article{mckinnon1997market,
  title     = {Market-preserving fiscal federalism in the American monetary union},
  author    = {McKinnon, Ronald I},
  journal   = {Macroeconomic dimensions of public finance: Essays in honour of Vito Tanzi},
  volume    = {5},
  pages     = {73},
  year      = {1997},
  publisher = {Routledge London}
}
@article{oates2005toward,
  title     = {Toward a second-generation theory of fiscal federalism},
  author    = {Oates, Wallace E},
  journal   = {International tax and public finance},
  volume    = {12},
  pages     = {349--373},
  year      = {2005},
  publisher = {Springer}
}
@article{kalandrakis2004three,
  title     = {A three-player dynamic majoritarian bargaining game},
  author    = {Kalandrakis, Anastassios},
  journal   = {Journal of Economic Theory},
  volume    = {116},
  number    = {2},
  pages     = {294--14},
  year      = {2004},
  publisher = {Elsevier}
}
@article{anesi2015bargaining,
  title     = {Bargaining in standing committees with an endogenous default},
  author    = {Anesi, Vincent and Seidmann, Daniel J},
  journal   = {The Review of Economic Studies},
  volume    = {82},
  number    = {3},
  pages     = {825--867},
  year      = {2015},
  publisher = {Oxford University Press}
}
@article{diermeier2011legislative,
  title     = {Legislative bargaining with reconsideration},
  author    = {Diermeier, Daniel and Fong, Pohan},
  journal   = {The Quarterly Journal of Economics},
  volume    = {126},
  number    = {2},
  pages     = {947--985},
  year      = {2011},
  publisher = {Oxford University Press}
}
@article{rosenstiel2021congressional,
  title     = {Congressional Bargaining and the Distribution of Grants},
  author    = {Rosenstiel, Leah},
  journal   = {Legislative Studies Quarterly},
  year      = {2021},
  publisher = {Wiley Online Library}
}
@article{martin2018dividing,
  title     = {Dividing the dollar with formulas},
  author    = {Martin, Gregory J},
  journal   = {The Journal of Politics},
  volume    = {80},
  number    = {2},
  pages     = {479--493},
  year      = {2018},
  publisher = {University of Chicago Press Chicago, IL}
}
@article{markusen1981benefits,
  title     = {Who benefits from intergovernmental transfers?},
  author    = {Markusen, Ann R and Saxenian, Annalee and Weiss, Marc A},
  journal   = {Publius: The Journal of Federalism},
  volume    = {11},
  number    = {1},
  pages     = {5--36},
  year      = {1981},
  publisher = {Oxford University Press}
}
@book{stegarescu2006decentralised,
  title     = {Decentralised government in an integrating world: quantitative studies for OECD countries},
  author    = {Stegarescu, Dan},
  volume    = {34},
  year      = {2006},
  publisher = {Springer Science \& Business Media}
}
@article{kasdin2016decision,
  title     = {The Decision to Grant},
  author    = {Kasdin, Stuart},
  journal   = {Public Budgeting \& Finance},
  volume    = {36},
  number    = {1},
  pages     = {68--84},
  year      = {2016},
  publisher = {Wiley Online Library}
}
@article{larcinese2006allocating,
  title     = {Allocating the US federal budget to the states: The impact of the president},
  author    = {Larcinese, Valentino and Rizzo, Leonzio and Testa, Cecilia},
  journal   = {The Journal of Politics},
  volume    = {68},
  number    = {2},
  pages     = {447--456},
  year      = {2006},
  publisher = {Cambridge University Press New York, USA}
}
@article{wallis1987employment,
  title     = {Employment, politics, and economic recovery during the Great Depression},
  author    = {Wallis, John Joseph},
  journal   = {The Review of Economics and Statistics},
  pages     = {516--520},
  year      = {1987},
  publisher = {JSTOR}
}
@book{dilger2015federal,
  title     = {Federal grants to state and local governments: A historical perspective on contemporary issues},
  author    = {Dilger, Robert Jay and Cecire, Michael H},
  year      = {2015},
  publisher = {Congressional Research Service}
}
@book{beachler2015presidential,
  title     = {Presidential Swing States: Why Only Ten Matter},
  author    = {Beachler, Donald W and Bergbower, Matthew L and Cooper, Chris and Damore, David F and Van Dooren, Bas and Foreman, Sean D and Gill, Rebecca D and Hendriks, Henri{\"e}t and Hoffmann, Donna and Jacob, Rafael and others},
  year      = {2015},
  publisher = {Lexington Books}
}
@article{alesina2019loss,
  title     = {Loss aversion in politics},
  author    = {Alesina, Alberto and Passarelli, Francesco},
  journal   = {American Journal of Political Science},
  volume    = {63},
  number    = {4},
  pages     = {936--947},
  year      = {2019},
  publisher = {Wiley Online Library}
}
@article{bourdeaux2018loss,
  title   = {LOSS AVERSION AND STRATEGIC CHOICES IN CUTTING BUDGETS.},
  author  = {Bourdeaux, Carolyn},
  journal = {Public Finance \& Management},
  volume  = {18},
  number  = {1},
  year    = {2018}
}
@article{rees2014loss,
  title   = {Loss aversion motivates tax sheltering: Evidence from US tax returns},
  author  = {Rees-Jones, Alex},
  journal = {Available at SSRN 2330980},
  year    = {2014}
}
@article{brennan1987efficient,
  title     = {Efficient financing under asymmetric information},
  author    = {Brennan, Michael and Kraus, Alan},
  journal   = {The Journal of Finance},
  volume    = {42},
  number    = {5},
  pages     = {1225--1243},
  year      = {1987},
  publisher = {Wiley Online Library}
}
@article{huber2006optimal,
  title     = {Optimal design of intergovernmental grants under asymmetric information},
  author    = {Huber, Bernd and Runkel, Marco},
  journal   = {International Tax and Public Finance},
  volume    = {13},
  pages     = {25--41},
  year      = {2006},
  publisher = {Springer}
}
@article{miller1985dividend,
  title     = {Dividend policy under asymmetric information},
  author    = {Miller, Merton H and Rock, Kevin},
  journal   = {The Journal of finance},
  volume    = {40},
  number    = {4},
  pages     = {1031--1051},
  year      = {1985},
  publisher = {Wiley Online Library}
}
@article{williams2021moral,
  title     = {Moral hazard in a modern federation},
  author    = {Williams, Alex},
  journal   = {Journal of Post Keynesian Economics},
  volume    = {44},
  number    = {2},
  pages     = {173--183},
  year      = {2021},
  publisher = {Taylor \& Francis}
}
@techreport{inman2008flypaper,
  title       = {The flypaper effect},
  author      = {Inman, Robert P},
  year        = {2008},
  institution = {National Bureau of Economic Research}
}
@article{bradford1971analysis,
  title     = {The analysis of revenue sharing in a new approach to collective fiscal decisions},
  author    = {Bradford, David F and Oates, Wallace E},
  journal   = {The Quarterly Journal of Economics},
  volume    = {85},
  number    = {3},
  pages     = {416--439},
  year      = {1971},
  publisher = {MIT Press}
}
@article{bailey1998flypaper,
  title     = {The flypaper effect: Identifying areas for further research},
  author    = {Bailey, Stephen J and Connolly, Stephen},
  journal   = {Public choice},
  volume    = {95},
  number    = {3-4},
  pages     = {335--361},
  year      = {1998},
  publisher = {Springer}
}
@article{dollery1996empirical,
  title     = {The empirical analysis of fiscal illusion},
  author    = {Dollery, Brian E and Worthington, Andrew C},
  journal   = {Journal of Economic Surveys},
  volume    = {10},
  number    = {3},
  pages     = {261--297},
  year      = {1996},
  publisher = {Wiley Online Library}
}
@article{gamkhar2007impact,
  title  = {The impact of intergovernmental fiscal transfers: a synthesis of the conceptual and empirical literature},
  author = {Gamkhar, Shama},
  year   = {2007}
}
@article{deller2009government,
  title     = {Government, effectiveness, performance, and local property values},
  author    = {Deller, Steven and Maher, Craig},
  journal   = {Intl Journal of Public Administration},
  volume    = {32},
  number    = {13},
  pages     = {1182--1212},
  year      = {2009},
  publisher = {Taylor \& Francis}
}
@article{hamilton1986flypaper,
  title     = {The flypaper effect and the deadweight loss from taxation},
  author    = {Hamilton, Jonathan H},
  journal   = {Journal of urban economics},
  volume    = {19},
  number    = {2},
  pages     = {148--155},
  year      = {1986},
  publisher = {Elsevier}
}
@incollection{gramlich1997stimulative,
  title     = {The stimulative effects of intergovernmental grants: Or why money sticks where it hits},
  author    = {Gramlich, Edward},
  booktitle = {Financing federal systems},
  pages     = {127--143},
  year      = {1997},
  publisher = {Edward Elgar Publishing}
}
@incollection{gramlich1997state,
  title     = {State and local fiscal behavior and federal grant policy},
  author    = {Gramlich, Edward},
  booktitle = {Financing federal systems},
  pages     = {21--56},
  year      = {1997},
  publisher = {Edward Elgar Publishing}
}
@article{lankford1987note,
  title     = {A note on measuring flypaper effects},
  author    = {Lankford, R Hamilton},
  journal   = {Journal of Urban Economics},
  volume    = {22},
  number    = {1},
  pages     = {113--115},
  year      = {1987},
  publisher = {Elsevier}
}
@article{knight2002endogenous,
  title     = {Endogenous federal grants and crowd-out of state government spending: Theory and evidence from the federal highway aid program},
  author    = {Knight, Brian},
  journal   = {American Economic Review},
  volume    = {92},
  number    = {1},
  pages     = {71--92},
  year      = {2002},
  publisher = {American Economic Association}
}
@techreport{vegh2016unsticking,
  title       = {Unsticking the flypaper effect using distortionary taxation},
  author      = {Vegh, Carlos A and Vuletin, Guillermo},
  year        = {2016},
  institution = {National Bureau of Economic Research}
}
@article{henderson1968local,
  title     = {Local government expenditures: A social welfare analysis},
  author    = {Henderson, James M},
  journal   = {The Review of Economics of Statistics},
  pages     = {156--163},
  year      = {1968},
  publisher = {JSTOR}
}
@article{wagner1976revenue,
  title     = {Revenue structure, fiscal illusion, and budgetary choice},
  author    = {Wagner, Richard E},
  journal   = {Public choice},
  pages     = {45--61},
  year      = {1976},
  publisher = {JSTOR}
}
@misc{mcculloch1845treatise,
  title     = {A treatise on the practical influence of taxation and the funding system},
  author    = {McCulloch, JR},
  year      = {1845},
  publisher = {Original edition}
}
@article{puviani1903teoria,
  title   = {Teoria dell'illusione finanziaria, Palermo, Sandron},
  author  = {Puviani, Amilcare},
  journal = {New Italian edition (1973) with an “Introduction” by F. Volpi, Isedi, Milano},
  year    = {1903}
}
@article{oates1979lump,
  title     = {Lump-sum intergovernmental grants have price effects},
  author    = {Oates, Wallace E},
  journal   = {Fiscal federalism and grants-in-aid},
  volume    = {23},
  pages     = {30},
  year      = {1979},
  publisher = {The Urban Institute Washington, DC}
}
@article{turnbull1998overspending,
  title     = {The overspending and flypaper effects of fiscal illusion: Theory and empirical evidence},
  author    = {Turnbull, Geoffrey K},
  journal   = {Journal of Urban Economics},
  volume    = {44},
  number    = {1},
  pages     = {1--26},
  year      = {1998},
  publisher = {Elsevier}
}
@article{borge1995lump,
  title     = {Lump-sum intergovernmental grants have price effects: A note},
  author    = {Borge, Lars-Erik},
  journal   = {Public Finance Quarterly},
  volume    = {23},
  number    = {2},
  pages     = {271--274},
  year      = {1995},
  publisher = {Sage Publications Sage CA: Thousand Oaks, CA}
}
@article{volden2007intergovernmental,
  title     = {Intergovernmental grants: A formal model of interrelated national and subnational political decisions},
  author    = {Volden, Craig},
  journal   = {Publius: The Journal of Federalism},
  volume    = {37},
  number    = {2},
  pages     = {209--243},
  year      = {2007},
  publisher = {Oxford University Press}
}
@article{dahlby2016stimulative,
  title     = {The stimulative effects of intergovernmental grants and the marginal cost of public funds},
  author    = {Dahlby, Bev and Ferede, Ergete},
  journal   = {International Tax and Public Finance},
  volume    = {23},
  pages     = {114--139},
  year      = {2016},
  publisher = {Springer}
}
@article{brueckner2003strategic,
  title     = {Strategic interaction among governments: An overview of empirical studies},
  author    = {Brueckner, Jan K},
  journal   = {International regional science review},
  volume    = {26},
  number    = {2},
  pages     = {175--188},
  year      = {2003},
  publisher = {Sage Publications}
}
@article{feldstein1975wealth,
  title     = {Wealth neutrality and local choice in public education},
  author    = {Feldstein, Martin S},
  journal   = {The American Economic Review},
  volume    = {65},
  number    = {1},
  pages     = {75--89},
  year      = {1975},
  publisher = {JSTOR}
}
@inproceedings{karnik2008flypaper,
  title        = {Flypaper effect incorporating spatial interdependence},
  author       = {Karnik, Ajit and Lalvani, Mala},
  booktitle    = {Review of Urban \& Regional Development Studies: Journal of the Applied Regional Science Conference},
  volume       = {20},
  number       = {2},
  pages        = {86--102},
  year         = {2008},
  organization = {Wiley Online Library}
}
@book{mueller2003public,
  title     = {Public choice III},
  author    = {Mueller, Dennis C and others},
  year      = {2003},
  publisher = {Cambridge University Press}
}
@article{brennan1977towards,
  title     = {Towards a tax constitution for Leviathan},
  author    = {Brennan, Geoffrey and Buchanan, James M},
  journal   = {Journal of Public Economics},
  volume    = {8},
  number    = {3},
  pages     = {255--273},
  year      = {1977},
  publisher = {Elsevier}
}
@article{quigley1986budget,
  title     = {Budget reform and the theory of fiscal federalism},
  author    = {Quigley, John M and Rubinfeld, Daniel L},
  journal   = {The American Economic Review},
  volume    = {76},
  number    = {2},
  pages     = {132--137},
  year      = {1986},
  publisher = {JSTOR}
}
@article{pack1993foreign,
  title     = {Foreign aid and the question of fungibility},
  author    = {Pack, Howar and Pack, Janet Rothenberg},
  journal   = {The Review of Economics and statistics},
  pages     = {258--265},
  year      = {1993},
  publisher = {JSTOR}
}
@article{stein1999fiscal,
  title     = {Fiscal decentralization and government size in Latin America},
  author    = {Stein, Ernesto},
  journal   = {Journal of applied Economics},
  volume    = {2},
  number    = {2},
  pages     = {357--391},
  year      = {1999},
  publisher = {Taylor \& Francis}
}
@article{Fuyong2010,
  title   = {Fiscal Decentralization, Governance and Non-Economic Public Goods Provision},
  author  = {Yong Fu},
  journal = {Economic Research},
  number  = {8},
  pages   = {4--15},
  year    = {2010}
}
@article{yinheng2011,
  title   = {Research on Government Spending Preference on County Level},
  author  = {Heng Yin and Hong Zhu},
  journal = {Social Science on China},
  volume  = {1},
  number  = {88},
  pages   = {101},
  year    = {2011}
}
@incollection{inman1988federal,
  title     = {Federal Assistance and Local Services in the United States: The Evolution of a New},
  author    = {Inman, Robert P},
  booktitle = {Fiscal federalism: Quantitative studies},
  pages     = {33--78},
  year      = {1988},
  publisher = {University of Chicago Press}
}
@book{peterson1997decentralization,
  title     = {Decentralization in Latin America: learning through experience},
  author    = {Peterson, George E},
  year      = {1997},
  publisher = {World Bank Publications}
}
@book{litvack1998rethinking,
  title     = {Rethinking decentralization in developing countries},
  author    = {Litvack, Jennie Ilene and Ahmad, Junaid and Bird, Richard Miller},
  year      = {1998},
  publisher = {World Bank Publications}
}
@article{aragon2005intergovernmental,
  title   = {Intergovernmental transfers and fiscal effort in Peruvian local governments},
  author  = {Arag{\'o}n, Fernando M and Gayoso, Vilma J},
  journal = {Available at SSRN 773666},
  year    = {2005}
}
@article{nicholson2008fiscal,
  title     = {Fiscal federalism and tax effort in the US states},
  author    = {Nicholson-Crotty, Sean},
  journal   = {State Politics \& Policy Quarterly},
  volume    = {8},
  number    = {2},
  pages     = {109--126},
  year      = {2008},
  publisher = {Cambridge University Press}
}
@article{panda2009central,
  title     = {Central fiscal transfers and states’ own-revenue efforts in India: panel data models},
  author    = {Panda, Prasant Kumar},
  journal   = {Margin: The Journal of Applied Economic Research},
  volume    = {3},
  number    = {3},
  pages     = {223--242},
  year      = {2009},
  publisher = {SAGE Publications Sage India: New Delhi, India}
}
@article{2002A,
  title   = {A Tax on Tax Revenue: The Incentive Effects of Equalizing Transfers: Evidence from Germany},
  author  = { Baretti, C.  and  Huber, B.  and  Lichtblau, K. },
  journal = {International Tax and Public Finance},
  volume  = {9},
  number  = {6},
  pages   = {631-649},
  year    = {2002}
}
@techreport{bravo2013income,
  title  = {The Income Effect of Unconditional Grants: A Reduction in the Collection Effort of Municipalities},
  author = {Bravo, Javiera and others},
  year   = {2013}
}
@article{2010The,
  title   = {The Efficiency Consequences of Local Revenue Equalization: Tax Competition and Tax Distortions},
  author  = { Bucovetsky, Sam  and  Smart, Michael },
  journal = {Journal of Public Economic Theory},
  volume  = {8},
  number  = {1},
  pages   = {119-144},
  year    = {2010}
}
@article{2006The,
  title   = {The Incentive Effect of Fiscal Equalization Transfers on Tax Policy},
  author  = { Buettner, T. },
  journal = {Journal of Public Economics},
  volume  = {90},
  number  = {3},
  pages   = {477-497},
  year    = {2006}
}
@article{2011Intergovernmental,
  title   = {Intergovernmental fiscal transfers and local tax efforts: evidence from provinces in China},
  author  = { Liusupa/Supsup*/Sup, Yongzheng  and  Zhaosupb/Sup, Jianmei },
  journal = {Journal of Economic Policy Reform},
  volume  = {14},
  number  = {4},
  pages   = {p.295-300},
  year    = {2011}
}
@article{2016The,
  title   = {The Incentive Effects of Conditional and Unconditional Transfers on Local Own Revenue Generation: Empirical Evidence from Moroccan Municipalities},
  author  = { Brun, Jean Franois  and  Khdari, Maria El },
  journal = {Working Papers},
  year    = {2016}
}
@article{gramlich1997intergovernmental,
  title     = {Intergovernmental grants: A review of the empirical literature},
  author    = {Gramlich, Edward},
  journal   = {Financing federal systems},
  pages     = {106--126},
  year      = {1997},
  publisher = {Edward Elgar Publishing}
}
@article{chubb1985political,
  title     = {The political economy of federalism},
  author    = {Chubb, John E},
  journal   = {American Political Science Review},
  volume    = {79},
  number    = {4},
  pages     = {994--1015},
  year      = {1985},
  publisher = {Cambridge University Press}
}
@article{nicholson2004goal,
  title     = {Goal conflict and fund diversion in federal grants to the states},
  author    = {Nicholson-Crotty, Sean},
  journal   = {American Journal of Political Science},
  volume    = {48},
  number    = {1},
  pages     = {110--122},
  year      = {2004},
  publisher = {Wiley Online Library}
}
@article{buettner2006incentive,
  title     = {The incentive effect of fiscal equalization transfers on tax policy},
  author    = {Buettner, Thiess},
  journal   = {Journal of Public Economics},
  volume    = {90},
  number    = {3},
  pages     = {477--497},
  year      = {2006},
  publisher = {Elsevier}
}
@article{edwards1996tax,
  title     = {Tax competition and Leviathan},
  author    = {Edwards, Jeremy and Keen, Michael},
  journal   = {European Economic Review},
  volume    = {40},
  number    = {1},
  pages     = {113--134},
  year      = {1996},
  publisher = {Elsevier}
}
@article{davoodi1998fiscal,
  title     = {Fiscal decentralization and economic growth: A cross-country study},
  author    = {Davoodi, Hamid and Zou, Heng-fu},
  journal   = {Journal of Urban economics},
  volume    = {43},
  number    = {2},
  pages     = {244--257},
  year      = {1998},
  publisher = {Elsevier}
}
@article{barro1990government,
  title     = {Government spending in a simple model of endogeneous growth},
  author    = {Barro, Robert J},
  journal   = {Journal of political economy},
  volume    = {98},
  number    = {5, Part 2},
  pages     = {S103--S125},
  year      = {1990},
  publisher = {The University of Chicago Press}
}
@article{nicholson2011claiming,
  title     = {Claiming credit in the US federal system: Testing a model of competitive federalism},
  author    = {Nicholson-Crotty, Sean and Theobald, Nick},
  journal   = {Publius: The Journal of Federalism},
  volume    = {41},
  number    = {2},
  pages     = {232--256},
  year      = {2011},
  publisher = {Oxford University Press}
}
@book{zimmerman1996interstate,
  title     = {Interstate relations: The neglected dimension of federalism},
  author    = {Zimmerman, Joseph Francis},
  year      = {1996},
  publisher = {Greenwood Publishing Group}
}
@book{zimmerman2012interstate,
  title     = {Interstate cooperation: Compacts and administrative agreements},
  author    = {Zimmerman, Joseph F},
  year      = {2012},
  publisher = {State University of New York Press}
}
@article{woods2006interstate,
  title     = {Interstate competition and environmental regulation: a test of the race-to-the-bottom thesis},
  author    = {Woods, Neal D},
  journal   = {Social Science Quarterly},
  volume    = {87},
  number    = {1},
  pages     = {174--189},
  year      = {2006},
  publisher = {Wiley Online Library}
}
@article{bailey2004wider,
  title     = {A wider race? Interstate competition across health and welfare programs},
  author    = {Bailey, Michael A and Rom, Mark Carl},
  journal   = {The Journal of Politics},
  volume    = {66},
  number    = {2},
  pages     = {326--347},
  year      = {2004},
  publisher = {Cambridge University Press New York, USA}
}
@article{stein1990economic,
  title     = {Economic voting for governor and US senator: the electoral consequences of federalism},
  author    = {Stein, Robert M},
  journal   = {The Journal of Politics},
  volume    = {52},
  number    = {1},
  pages     = {29--53},
  year      = {1990},
  publisher = {University of Texas Press}
}
@article{schneider2003public,
  title     = {Public attitudes toward the policy responsibilities of the national and state governments: Evidence from South Carolina},
  author    = {Schneider, Saundra K and Jacoby, William G},
  journal   = {State Politics \& Policy Quarterly},
  volume    = {3},
  number    = {3},
  pages     = {246--269},
  year      = {2003},
  publisher = {Cambridge University Press}
}
@inproceedings{schneider2008citizen,
  title     = {Citizen's perceptions of intergovernmental policy responsibilities},
  author    = {Schneider, Saundra K and Jacoby, William G},
  booktitle = {presentation at the 2008 State Politics and Policy Conference. Philadelphia, PA},
  year      = {2008}
}
@article{bednar2007credit,
  title     = {Credit assignment and federal encroachment},
  author    = {Bednar, Jenna},
  journal   = {Supreme Court Economic Review},
  volume    = {15},
  number    = {1},
  pages     = {285--308},
  year      = {2007},
  publisher = {University of Chicago Press Chicago, IL}
}
@article{lv2018transfer,
  title   = {Transfer payment and tax effort: the effect of government spending preference},
  author  = {Bingyang Lv, Kaiqiang Zhang},
  journal = {World Economy},
  number  = {7},
  pages   = {24},
  year    = {2018}
}
@article{volden2005intergovernmental,
  title     = {Intergovernmental political competition in American federalism},
  author    = {Volden, Craig},
  journal   = {American Journal of Political Science},
  volume    = {49},
  number    = {2},
  pages     = {327--342},
  year      = {2005},
  publisher = {Wiley Online Library}
}
@article{atkeson1995economic,
  title     = {Economic and referendum voting: A comparison of gubernatorial and senatorial elections},
  author    = {Atkeson, Lonna Rae and Partin, Randall W},
  journal   = {American Political Science Review},
  volume    = {89},
  number    = {1},
  pages     = {99--107},
  year      = {1995},
  publisher = {Cambridge University Press}
}
@book{carpini1996americans,
  title     = {What Americans know about politics and why it matters},
  author    = {Carpini, Michael X Delli and Keeter, Scott},
  year      = {1996},
  publisher = {Yale University Press}
}
@article{gilens2001political,
  title     = {Political ignorance and collective policy preferences},
  author    = {Gilens, Martin},
  journal   = {American Political Science Review},
  volume    = {95},
  number    = {2},
  pages     = {379--396},
  year      = {2001},
  publisher = {Cambridge University Press}
}
@article{savic2015impact,
  title     = {Impact of the efficiency of the tax administration on tax evasion},
  author    = {Savi{\'c}, Gordana and Dragojlovi{\'c}, Aleksandar and Vujo{\v{s}}evi{\'c}, Mirko and Arsi{\'c}, Milojko and Marti{\'c}, Milan},
  journal   = {Economic research-Ekonomska istra{\v{z}}ivanja},
  volume    = {28},
  number    = {1},
  pages     = {1138--1148},
  year      = {2015},
  publisher = {Taylor and Francis Group i Sveu{\v{c}}ili{\v{s}}te Jurja Dobrile u Puli, Fakultet~…}
}
@article{kiser1994could,
  title     = {Could privatization increase the efficiency of tax administration in less-developed countries?},
  author    = {Kiser, Edgar and Baker, Kathryn},
  journal   = {Policy studies journal},
  volume    = {22},
  number    = {3},
  pages     = {489--500},
  year      = {1994},
  publisher = {Wiley Online Library}
}
@article{aizenman2008collection,
  title     = {The collection efficiency of the Value Added Tax: Theory and international evidence},
  author    = {Aizenman, Joshua and Jinjarak, Yothin},
  journal   = {Journal of International Trade and Economic Development},
  volume    = {17},
  number    = {3},
  pages     = {391--410},
  year      = {2008},
  publisher = {Taylor \& Francis}
}
@article{mattos2011flypaper,
  title     = {Flypaper effect revisited: evidence for tax collection efficiency in Brazilian municipalities},
  author    = {Mattos, Enlinson and Rocha, Fabiana and Arvate, Paulo},
  journal   = {Estudos Econ{\^o}micos (S{\~a}o Paulo)},
  volume    = {41},
  pages     = {239--267},
  year      = {2011},
  publisher = {SciELO Brasil}
}
@article{modigliani1961long,
  title     = {Long-run implications of alternative fiscal policies and the burden of the national debt},
  author    = {Modigliani, Franco},
  journal   = {The Economic Journal},
  volume    = {71},
  number    = {284},
  pages     = {730--755},
  year      = {1961},
  publisher = {Oxford University Press Oxford, UK}
}
@article{holcombe1981national,
  title     = {The national debt controversy},
  author    = {Holcombe, Randall G and Jackson, John D and Zardkoohi, Asghar},
  journal   = {Kyklos},
  volume    = {34},
  number    = {2},
  pages     = {186--202},
  year      = {1981},
  publisher = {Wiley Online Library}
}
@article{cochrane2011inflation,
  title   = {Inflation and debt},
  author  = {Cochrane, John H},
  journal = {National affairs},
  volume  = {9},
  number  = {2},
  pages   = {56--78},
  year    = {2011}
}
@article{aizenman2011using,
  title     = {Using inflation to erode the US public debt},
  author    = {Aizenman, Joshua and Marion, Nancy},
  journal   = {Journal of Macroeconomics},
  volume    = {33},
  number    = {4},
  pages     = {524--541},
  year      = {2011},
  publisher = {Elsevier}
}
@article{hamburger1981deficits,
  title     = {Deficits, money and inflation},
  author    = {Hamburger, Michael J and Zwick, Burton},
  journal   = {Journal of Monetary Economics},
  volume    = {7},
  number    = {1},
  pages     = {141--150},
  year      = {1981},
  publisher = {Elsevier}
}
@article{panizza2014public,
  title     = {Public debt and economic growth: is there a causal effect?},
  author    = {Panizza, Ugo and Presbitero, Andrea F},
  journal   = {Journal of Macroeconomics},
  volume    = {41},
  pages     = {21--41},
  year      = {2014},
  publisher = {Elsevier}
}
@article{lucas1983optimal,
  title     = {Optimal fiscal and monetary policy in an economy without capital},
  author    = {Lucas Jr, Robert E and Stokey, Nancy L},
  journal   = {Journal of monetary Economics},
  volume    = {12},
  number    = {1},
  pages     = {55--93},
  year      = {1983},
  publisher = {Elsevier}
}
@article{diamond1965national,
  title     = {National debt in a neoclassical growth model},
  author    = {Diamond, Peter A},
  journal   = {The American Economic Review},
  volume    = {55},
  number    = {5},
  pages     = {1126--1150},
  year      = {1965},
  publisher = {JSTOR}
}
@article{fullwiler2020interest,
  title     = {When the Interest Rate on the National Debt Is a Policy Variable (and “Printing Money” Does Not Apply)},
  author    = {Fullwiler, Scott},
  journal   = {Public Budgeting \& Finance},
  volume    = {40},
  number    = {3},
  pages     = {72--94},
  year      = {2020},
  publisher = {Wiley Online Library}
}
@inproceedings{spahn2012conditioning,
  title     = {Conditioning intergovernmental transfers and modes of interagency cooperation for greater effectiveness of multilevel government in OECD countries},
  author    = {Spahn, PD},
  booktitle = {OECD Workshop on Effective Public Investment at Sub-National Level in Times of Fiscal Constraints: Meeting the Co-ordination and Capacity Challenges},
  volume    = {21},
  year      = {2012}
}
@article{de2007local,
  title     = {Local government finances: The link between intergovernmental transfers and net worth},
  author    = {De Mello, Luiz},
  year      = {2007},
  publisher = {OECD}
}
@incollection{weist2007intergovernmental,
  title     = {Intergovernmental loans: their fit into a transfer system},
  author    = {Weist, Dana},
  booktitle = {Fiscal Equalization: Challenges in the Design of Intergovernmental Transfers},
  pages     = {435--451},
  year      = {2007},
  publisher = {Springer}
}
@article{nguyen2020flypaper,
  title     = {The Flypaper Effect: Methods, Magnitudes, and Mechanisms},
  author    = {Nguyen-Hoang, Phuong and Yinger, John},
  journal   = {Journal of Education Finance},
  volume    = {46},
  number    = {2},
  pages     = {158--188},
  year      = {2020},
  publisher = {University of Illinois Press}
}
@article{bae2004flypaper,
  title     = {The flypaper effect revisited: intergovernmental grants and local governance},
  author    = {Bae, Sang-Seok and Feiock, Richard C},
  journal   = {International journal of public administration},
  volume    = {27},
  number    = {8-9},
  pages     = {577--596},
  year      = {2004},
  publisher = {Taylor \& Francis}
}
@article{arvate2008efficiency,
  title   = {Efficiency in tax collection: evidence from Brazilian municipalities},
  author  = {Arvate, Paulo and Mattos, Enlinson},
  journal = {CEPESP and EESP-Getulio Vargas Foundation, working paper},
  volume  = {1},
  year    = {2008}
}
@article{lalvani2002flypaper,
  title     = {The flypaper effect: evidence from India},
  author    = {Lalvani, Mala},
  journal   = {Public Budgeting \& Finance},
  volume    = {22},
  number    = {3},
  pages     = {67--88},
  year      = {2002},
  publisher = {Wiley Online Library}
}
@article{bowman1974tax,
  title     = {Tax exportability, intergovernmental aid, and school finance reform},
  author    = {Bowman, John H},
  journal   = {National Tax Journal},
  volume    = {27},
  number    = {2},
  pages     = {163--173},
  year      = {1974},
  publisher = {The University of Chicago Press}
}
@article{weicher1972aid,
  title     = {Aid, expenditures, and local government structure},
  author    = {Weicher, John C},
  journal   = {National Tax Journal},
  volume    = {25},
  number    = {4},
  pages     = {573--583},
  year      = {1972},
  publisher = {The University of Chicago Press}
}
@article{dash2013intergovernmental,
  title     = {Intergovernmental transfers and tax collection in India: Does the composition of transfers matter?},
  author    = {Dash, Bharatee Bhusana and Raja, Angara V},
  journal   = {Public Budgeting \& Finance},
  volume    = {33},
  number    = {2},
  pages     = {93--116},
  year      = {2013},
  publisher = {Wiley Online Library}
}
@article{laffer2004laffer,
  title   = {The Laffer curve: Past, present, and future},
  author  = {Laffer, Arthur B},
  journal = {Backgrounder},
  volume  = {1765},
  number  = {1},
  pages   = {1--16},
  year    = {2004}
}
@article{1988Foreign,
  title   = {Foreign Counterfeiting of Status Goods},
  author  = { Shapiro, Grossman Carl },
  journal = {Quarterly Journal of Economics},
  volume  = {103},
  number  = {1},
  pages   = {79-100},
  year    = {1988}
}
@article{Branstetter2001Are,
  title   = {Are knowledge spillovers international or intranational in scope?},
  author  = {Branstetter and Lee and G.},
  journal = {Journal of International Economics},
  year    = {2001}
}
@article{2011Procurement,
  title   = {Procurement Contracting With Time Incentives: Theory and Evidence},
  author  = { Lewis, Gregory  and  Bajari, Patrick },
  journal = {The Quarterly Journal of Economics},
  year    = {2011}
}
%%%%%%%%%%%%%%%above 2nd 3rd main body same%%%%%%%%%%%%%%%%%%%%%%%%%%%%%%%%%%%
@article{press1963american,
  title     = {The American Partnership, Intergovernmental Cooperation in the Nineteenth-Century United States},
  author    = {Press, Charles},
  journal   = {American Political Science Review},
  volume    = {57},
  number    = {1},
  pages     = {187--188},
  year      = {1963},
  publisher = {Cambridge University Press}
}
@book{grodzins1966american,
  title     = {The American system: A new view of government in the United States},
  author    = {Grodzins, Morton},
  year      = {1966},
  publisher = {Transaction publishers}
}
@article{huffman2006formula,
  title     = {Do formula or competitive grant funds have greater impacts on state agricultural productivity?},
  author    = {Huffman, Wallace E and Evenson, Robert E},
  journal   = {American Journal of Agricultural Economics},
  volume    = {88},
  number    = {4},
  pages     = {783--798},
  year      = {2006},
  publisher = {Wiley Online Library}
}
%%%%%above main body%%%%%%%%%%
@book{ter1997fiscal,
  title     = {Fiscal federalism in theory and practice},
  author    = {Ter-Minassian, Mrs Teresa},
  year      = {1997},
  publisher = {International Monetary Fund}
}
@article{lago2024effects,
  title     = {On the effects of intergovernmental grants: A survey},
  author    = {Lago, Manuel E and Lago-Pe{\~n}as, Santiago and Martinez-Vazquez, Jorge},
  journal   = {International Tax and Public Finance},
  pages     = {1--53},
  year      = {2024},
  publisher = {Springer}
}
@inbook{Ahmad:1995,
  author    = {Ehtisham Ahmad and Jon Craig and Dubravko Mihaljek and  Ehtisham and Gao Qiang and Vito Tanzi},
  booktitle = {Reforming China's Public Finances},
  title     = {“Implementing and Managing Grants—Institutional and Informational Requirements,”},
  year      = {1995},
  publisher = {International Monetary Fund}
}
@article{boadway1986federal,
  title     = {Federal-provincial transfers in Canada: a critical review of the existing arrangements},
  author    = {Boadway, Robin},
  journal   = {Fiscal Federalism},
  volume    = {65},
  pages     = {1--47},
  year      = {1986},
  publisher = {University of Toronto Press}
}
@article{abbott2012intergovernmental,
  title     = {Intergovernmental transfers and procyclical public spending},
  author    = {Abbott, Andrew and Jones, Philip},
  journal   = {Economics Letters},
  volume    = {115},
  number    = {3},
  pages     = {447--451},
  year      = {2012},
  publisher = {Elsevier}
}
@article{akai2019role,
  title     = {The role of matching grants as a commitment device in the federation model with a repeated soft budget setting},
  author    = {Akai, Nobuo and Sato, Motohiro},
  journal   = {Economics of Governance},
  volume    = {20},
  pages     = {23--39},
  year      = {2019},
  publisher = {Springer}
}
@techreport{clemens2023intergovernmental,
  title       = {Intergovernmental Grants and Policy Competition: Concepts, Institutions, and Evidence},
  author      = {Clemens, Jeffrey and Veuger, Stan},
  year        = {2023},
  institution = {National Bureau of Economic Research}
}
@article{gordon1983optimal,
  title     = {An optimal taxation approach to fiscal federalism},
  author    = {Gordon, Roger H},
  journal   = {The Quarterly Journal of Economics},
  volume    = {98},
  number    = {4},
  pages     = {567--586},
  year      = {1983},
  publisher = {MIT Press}
}
@article{dahlby1996fiscal,
  title     = {Fiscal externalities and the design of intergovernmental grants},
  author    = {Dahlby, Bev},
  journal   = {International tax and public finance},
  volume    = {3},
  pages     = {397--412},
  year      = {1996},
  publisher = {Springer}
}
@article{agrawal2022local,
  title     = {Local policy choice: theory and empirics},
  author    = {Agrawal, David R and Hoyt, William H and Wilson, John D},
  journal   = {Journal of Economic Literature},
  volume    = {60},
  number    = {4},
  pages     = {1378--1455},
  year      = {2022},
  publisher = {American Economic Association 2014 Broadway, Suite 305, Nashville, TN 37203-2425}
}
@article{milligan2005regional,
  title   = {Regional grants as pork barrel politics},
  author  = {Milligan, Kevin S and Smart, Michael},
  journal = {Available at SSRN 710903},
  year    = {2005}
}
@article{golden2008pork,
  title     = {Pork-barrel politics in postwar Italy, 1953--94},
  author    = {Golden, Miriam A and Picci, Lucio},
  journal   = {American Journal of Political Science},
  volume    = {52},
  number    = {2},
  pages     = {268--289},
  year      = {2008},
  publisher = {Wiley Online Library}
}
@article{2014Public,
  title   = {Public Attitudes Toward Social Spending in the United States: The Differences Between Direct Spending and Tax Expenditures},
  author  = { Faricy, Christopher  and  Ellis, Christopher },
  journal = {Political Behavior},
  volume  = {36},
  number  = {1},
  pages   = {53-76},
  year    = {2014}
}
@article{2003Partisan,
  title   = {Partisan Politics and Intergovernmental Transfers in India},
  author  = { Khemani, Stuti },
  journal = {Policy Research Working Paper Series},
  volume  = {215},
  number  = {3},
  pages   = {83-90},
  year    = {2003}
}
@article{2001Inequality,
  title   = {Inequality, social insurance, and redistribution},
  author  = { Moene, Wallerstein },
  journal = {American Political Science Review},
  volume  = {95},
  number  = {4},
  pages   = {859-874},
  year    = {2001}
}
@article{https://doi.org/10.1111/0952-1895.00150,
  author  = {Hutchcroft, Paul D.},
  title   = {Centralization and Decentralization in Administration and Politics: Assessing Territorial Dimensions of Authority and Power},
  journal = {Governance},
  volume  = {14},
  number  = {1},
  pages   = {23-53},
  doi     = {https://doi.org/10.1111/0952-1895.00150},
  url     = {https://onlinelibrary.wiley.com/doi/abs/10.1111/0952-1895.00150},
  eprint  = {https://onlinelibrary.wiley.com/doi/pdf/10.1111/0952-1895.00150},
  year    = {2001}
}
@article{FALLETI2004A,
  title   = {A Sequential Theory of Decentralization and Its Effects on the Intergovernmental Balance of Power: Latin American Cases in Comparative Perspective},
  author  = {FALLETI and  Tulia, G. },
  journal = {American Political ence Review},
  volume  = {99},
  number  = {03},
  pages   = {327-346},
  year    = {2004}
}
@article{Sole2008A,
  title   = {Does Partisan Alignment Affect the Electoral Reward of Intergovernmental Transfers?},
  author  = {Sole Olle, Albert and Sorribas Navarro, Pilar },
  journal = {CESifo Working Paper Series},
  volume  = {2335},
  number  = {03},
  doi     = {http://dx.doi.org/10.2139/ssrn.1156271},
  pages   = {327-346},
  year    = {2008}
}
@article{2014Political,
  title   = {Political alignment and intergovernmental transfers in parliamentary systems: Evidence from Germany},
  author  = { Baskaran, Thushyanthan  and  Hessami, Zohal },
  journal = {Department of Economics, University of Konstanz},
  number  = {1},
  year    = {2014}
}
@article{Alan2009Partisanship,
  title   = {Partisanship, Political Control, and Economic Assessments},
  author  = {Alan and S. and Gerber and Gregory and A. and Huber},
  journal = {American Journal of Political Science},
  year    = {2009}
}
@article{2006Economic,
  title   = {Economic Voting and Multilevel Governance: A Comparative Individual-Level Analysis},
  author  = { Anderson, Cameron D. },
  journal = {American Journal of Political Science},
  volume  = {50},
  number  = {2},
  pages   = {449-463},
  year    = {2006}
}
@article{62b81da7-cc78-33f9-98a3-0a8d03976c2c,
  issn      = {00925853, 15405907},
  url       = {http://www.jstor.org/stable/2110599},
  author    = {M. Stephen Weatherford},
  journal   = {American Journal of Political Science},
  number    = {4},
  pages     = {917--938},
  publisher = {[Midwest Political Science Association, Wiley]},
  title     = {Economic Conditions and Electoral Outcomes: Class Differences in the Political Response to Recession},
  urldate   = {2024-01-28},
  volume    = {22},
  year      = {1978}
}
@book{finegold2004block,
  title     = {Block Grants: Details of the Bush Proposals},
  author    = {Finegold, Kenneth and Wherry, Laura and Schardin, Stephanie},
  year      = {2004},
  publisher = {Citeseer}
}
@book{larkey2015evaluating,
  title     = {Evaluating public programs: The impact of general revenue sharing on municipal government},
  author    = {Larkey, Patrick D},
  year      = {2015},
  publisher = {Princeton University Press}
}
@article{huffman2006formula,
  title     = {Do formula or competitive grant funds have greater impacts on state agricultural productivity?},
  author    = {Huffman, Wallace E and Evenson, Robert E},
  journal   = {American Journal of Agricultural Economics},
  volume    = {88},
  number    = {4},
  pages     = {783--798},
  year      = {2006},
  publisher = {Wiley Online Library}
}
%%%%%%%%%%%%%%%%%%%%below 3rd specific
@article{2010Theefficiency,
  title   = {The Efficiency Consequences of Local Revenue Equalization: Tax Competition and Tax Distortions},
  author  = { Bucovetsky, Sam  and  Smart, Michael },
  journal = {Journal of Public Economic Theory},
  volume  = {8},
  number  = {1},
  pages   = {119-144},
  year    = {2010}
}
@article{2006Theincentive,
  title   = {The Incentive Effect of Fiscal Equalization Transfers on Tax Policy},
  author  = { Buettner, T. },
  journal = {Journal of Public Economics},
  volume  = {90},
  number  = {3},
  pages   = {477-497},
  year    = {2006}
}
@article{2011Intergovernmental,
  title   = {Intergovernmental fiscal transfers and local tax efforts: evidence from provinces in China},
  author  = { Liusupa, Yongzheng  and  Zhao Jianmei },
  journal = {Journal of Economic Policy Reform},
  volume  = {14},
  number  = {4},
  pages   = {p.295-300},
  year    = {2011}
}
@article{1981Taxation,
  title   = {Taxation in Sub-Saharan Africa},
  author  = { Tanzi, Mr. Vito  and M. Zühtü Yücelik and  Griffith, Mr. Peter S.  and  Aguirre, Mr. Carlos A. },
  journal = {IMF Occasional Papers},
  year    = {1981}
}
@article{1996Revenue1,
  title   = {Revenue Effort of Local Governments: Determinants, Impacts, and Policy Implications},
  author  = { Luo, Huaping  and  Douglas, James W. },
  journal = {Journal of Public Budgeting Accounting and Financial Management},
  volume  = {8},
  number  = {1},
  pages   = {47-68},
  year    = {1996}
}
@article{lv2008taxeffort,
  title   = {Fiscal Transfers and Tax Efforts: The Impact of Government Preferences},
  author  = {Bingyang Lv and Kaiqiang Zhang},
  journal = {World Economy},
  number  = {7},
  pages   = {24},
  year    = {2018}
}
@article{doi:10.1080/13504850500425345,
  author    = {Sangheon Kim},
  title     = {A more accurate measurement of tax effort},
  journal   = {Applied Economics Letters},
  volume    = {14},
  number    = {7},
  pages     = {539-543},
  year      = {2007},
  publisher = {Routledge},
  doi       = {10.1080/13504850500425345}
}
@article{1968How,
  title   = {How to handle that tax estimate},
  author  = { Martinson, R. },
  journal = {Dental Management},
  volume  = {8},
  number  = {2},
  pages   = {45},
  year    = {1968}
}
@article{2010MEASURING,
  title  = {MEASURING TAX EFFORT FOR A SMALL OPEN ECONOMY: THE CASE OF BARBADOS},
  author = { Thomas, Chrystol  and  Maynard, Tracy },
  year   = {2010}
}
@article{2019AAAVVV,
  title   = {A New Approach to Measuring Tax Effort},
  author  = { Dalamagas, Basil  and  Palaios, Panagiotis  and  Tantos, Stefanos  and  Fendel, Ralf },
  journal = {Economies},
  volume  = {7},
  number  = {3},
  pages   = {77},
  year    = {2019}
}
@article{W2007Measuring,
  title   = {Measuring tax effort in developing countries},
  author  = {W. and T. and Newlyn},
  journal = {The Journal of Development Studies},
  year    = {2007}
}
@article{2002The,
  title   = {The Determinants of Tax Effort in Arab Countries},
  author  = { Eltony, M. Nagy },
  journal = {API-Working Paper Series},
  year    = {2002}
}
@article{2007Determinants,
  title   = {Determinants of Tax Revenue Efforts in Developing Countries},
  author  = { Gupta, Abhijit Sen },
  journal = {IMF Working Papers},
  volume  = {07},
  number  = {184},
  year    = {2007}
}
@article{201703,
  title  = {03 measuring the tax effort of developed and developing countries. cross country - panel data analysis -1985/95},
  author = { Piancastelli, Marcelo },
  year   = {2017}
}
@article{dash2013intergovernmental,
  title     = {Intergovernmental transfers and tax collection in India: Does the composition of transfers matter?},
  author    = {Dash, Bharatee Bhusana and Raja, Angara V},
  journal   = {Public Budgeting \& Finance},
  volume    = {33},
  number    = {2},
  pages     = {93--116},
  year      = {2013},
  publisher = {Wiley Online Library}
}
@article{buettner2006incentive,
  title     = {The incentive effect of fiscal equalization transfers on tax policy},
  author    = {Buettner, Thiess},
  journal   = {Journal of Public Economics},
  volume    = {90},
  number    = {3},
  pages     = {477--497},
  year      = {2006},
  publisher = {Elsevier}
}
@article{egger2010fiscal,
  title     = {Do fiscal transfers alleviate business tax competition? Evidence from Germany},
  author    = {Egger, Peter and Koethenbuerger, Marko and Smart, Michael},
  journal   = {Journal of Public Economics},
  volume    = {94},
  number    = {3-4},
  pages     = {235--246},
  year      = {2010},
  publisher = {Elsevier}
}
@article{kothenburger2002tax,
  title     = {Tax competition and fiscal equalization},
  author    = {K{\"o}thenb{\"u}rger, Marko},
  journal   = {International Tax and Public Finance},
  volume    = {9},
  pages     = {391--408},
  year      = {2002},
  publisher = {Springer}
}
@article{edwards1996tax,
  title     = {Tax competition and Leviathan},
  author    = {Edwards, Jeremy and Keen, Michael},
  journal   = {European Economic Review},
  volume    = {40},
  number    = {1},
  pages     = {113--134},
  year      = {1996},
  publisher = {Elsevier}
}
@book{persson2002political,
  title     = {Political economics: explaining economic policy},
  author    = {Persson, Torsten and Tabellini, Guido},
  year      = {2002},
  publisher = {MIT press}
}
@article{1995Chapter,
  title  = {Chapter 38 Double-edged incentives: Institutions and policy coordination},
  author = { Tabellini, Guido },
  year   = {1995}
}
@article{tait1978two,
  title   = {Two alternative approaches to the international comparisons of taxation, IMF Departmental Memorandum, 78/73},
  author  = {Tait, AA and Eichengreen, BJ},
  journal = {International Monetary Fund, Washington},
  year    = {1978}
}
@incollection{tanzi1981taxation,
  title     = {Taxation in Sub-Saharan Africa},
  author    = {Tanzi, Vito and Y{\"u}celik, M Z{\"u}ht{\"u} and Griffith, Peter S and Aguirre, Carlos A},
  booktitle = {Taxation in Sub-Saharan Africa},
  year      = {1981},
  publisher = {International Monetary Fund}
}
@book{tanzi1983quantitative,
  title     = {Quantitative characteristics of the tax systems of developing countries},
  author    = {Tanzi, Vito},
  year      = {1983},
  publisher = {IMF International Monetary Fund}
}
@article{bahl1971regression,
  title     = {A Regression Approach to Tax Effort and Tax Ratio Analysis (Analyse de l'effort et de la pression fiscale par la m{\'e}thode de r{\'e}gression)(Un estudio del esfuerzo tributario y de la presi{\'o}n fiscal mediante el an{\'a}lisis de regresi{\'o}n)},
  author    = {Bahl, Roy W},
  journal   = {Staff Papers-International Monetary Fund},
  pages     = {570--612},
  year      = {1971},
  publisher = {JSTOR}
}
@article{mertens2003measuring,
  title     = {Measuring tax effort in Central and Eastern Europe},
  author    = {Mertens, Jo Beth},
  journal   = {Public Finance and Management},
  volume    = {3},
  number    = {4},
  pages     = {530--563},
  year      = {2003},
  publisher = {Southern Public Administration Education Foundation, Inc.}
}
@article{AnpingZhao2012welfareexpenditure,
  title   = {Will Expanding Public Welfare Spending Drive Up Housing Prices?},
  author  = {Zhao Anping and Luo Zhi},
  journal = {The Journal of World Economy},
  year    = {2012},
  volume  = {},
  number  = {1},
  pages   = {43-57},
  month   = {1}
}
@article{lindbeck1988welfare,
  title     = {Welfare effects of alternative forms of public spending},
  author    = {Lindbeck, Assar and Weibull, J{\"o}rgen W},
  journal   = {European Economic Review},
  volume    = {32},
  number    = {1},
  pages     = {101--127},
  year      = {1988},
  publisher = {Elsevier}
}
@article{wlezien2021trends,
  title     = {Trends in public support for welfare spending: how the economy matters},
  author    = {Wlezien, Christopher and Soroka, Stuart},
  journal   = {British Journal of Political Science},
  volume    = {51},
  number    = {1},
  pages     = {163--180},
  year      = {2021},
  publisher = {Cambridge University Press}
}
@article{stichnoth2013ethnic,
  title     = {Ethnic diversity, public spending, and individual support for the welfare state: A review of the empirical literature},
  author    = {Stichnoth, Holger and Van der Straeten, Karine},
  journal   = {Journal of Economic Surveys},
  volume    = {27},
  number    = {2},
  pages     = {364--389},
  year      = {2013},
  publisher = {Wiley Online Library}
}
@article{schneider2005elite,
  title     = {Elite discourse and American public opinion: The case of welfare spending},
  author    = {Schneider, Saundra K and Jacoby, William G},
  journal   = {Political Research Quarterly},
  pages     = {367--379},
  year      = {2005},
  publisher = {JSTOR}
}
%% 
%%%%%%%%%%added to chapter 3%%%%%%%%
@article{tellier2006public,
  title     = {Public expenditures in Canadian provinces: An empirical study of politico-economic interactions},
  author    = {Tellier, Genevi{\`e}ve},
  journal   = {Public Choice},
  volume    = {126},
  number    = {3-4},
  pages     = {367--385},
  year      = {2006},
  publisher = {Springer}
}
@article{petry1999electoral,
  title     = {Electoral and partisan cycles in the Canadian provinces},
  author    = {Petry, Fran{\c{c}}ois and Imbeau, Louis M and Cr{\^e}te, Jean and Clavet, Michel},
  journal   = {Canadian Journal of Political Science/Revue canadienne de science politique},
  volume    = {32},
  number    = {2},
  pages     = {273--292},
  year      = {1999},
  publisher = {Cambridge University Press}
}
@article{peterson1994executive,
  title     = {Why executive-legislative conflict in the United States is dwindling},
  author    = {Peterson, Paul E and Greene, Jay P},
  journal   = {British Journal of Political Science},
  volume    = {24},
  number    = {1},
  pages     = {33--55},
  year      = {1994},
  publisher = {Cambridge University Press}
}
@article{carreras2014outsiders,
  title     = {Outsiders and executive-legislative conflict in Latin America},
  author    = {Carreras, Miguel},
  journal   = {Latin American Politics and Society},
  volume    = {56},
  number    = {3},
  pages     = {70--92},
  year      = {2014},
  publisher = {Cambridge University Press}
}
@article{farhang2012legislative,
  title     = {Legislative-executive conflict and private statutory litigation in the United States: Evidence from labor, civil rights, and environmental law},
  author    = {Farhang, Sean},
  journal   = {Law \& Social Inquiry},
  volume    = {37},
  number    = {3},
  pages     = {657--685},
  year      = {2012},
  publisher = {Cambridge University Press}
}
@article{dinan2020stability,
  title     = {Stability and contingency in federalism preferences},
  author    = {Dinan, John and Heckelman, Jac C},
  journal   = {Public Administration Review},
  volume    = {80},
  number    = {2},
  pages     = {234--243},
  year      = {2020},
  publisher = {Wiley Online Library}
}
@article{freeman1986political,
  title     = {The political culture of the Democratic and Republican parties},
  author    = {Freeman, Jo},
  journal   = {Political Science Quarterly},
  volume    = {101},
  number    = {3},
  pages     = {327--356},
  year      = {1986},
  publisher = {JSTOR}
}
@article{Fuyong2010,
  title   = {Fiscal Decentralization, Governance and Non-Economic Public Goods Provision},
  author  = {Yong Fu},
  journal = {Economic Research},
  number  = {8},
  pages   = {4--15},
  year    = {2010}
}
@article{weingast1979rational,
  title     = {A rational choice perspective on congressional norms},
  author    = {Weingast, Barry R},
  journal   = {American Journal of Political Science},
  pages     = {245--262},
  year      = {1979},
  publisher = {JSTOR}
}
@article{ansolabehere2002equal,
  title     = {Equal votes, equal money: Court-ordered redistricting and public expenditures in the American states},
  author    = {Ansolabehere, Stephen and Gerber, Alan and Snyder, Jim},
  journal   = {American Political Science Review},
  volume    = {96},
  number    = {4},
  pages     = {767--777},
  year      = {2002},
  publisher = {Cambridge University Press}
}
@article{ansolabehere2006party,
  title     = {Party control of state government and the distribution of public expenditures},
  author    = {Ansolabehere, Stephen and Snyder Jr, James M},
  journal   = {The Scandinavian Journal of Economics},
  volume    = {108},
  number    = {4},
  pages     = {547--569},
  year      = {2006},
  publisher = {Wiley Online Library}
}
@article{patashnik2000budgeting,
  title     = {Budgeting more, deciding less},
  author    = {Patashnik, Eric M},
  journal   = {Public Interest},
  number    = {138},
  pages     = {65},
  year      = {2000},
  publisher = {National Affairs, Inc.}
}
@misc{wildavsky2003new,
  title     = {The New Politics of the Budgetary Process (5-th ed.)},
  author    = {Wildavsky, Aaron and Caiden, Naomi},
  year      = {2003},
  publisher = {Chicago, IL: Longman}
}
@article{fry1970politics,
  title     = {The politics of redistribution},
  author    = {Fry, Brian R and Winters, Richard F},
  journal   = {American Political Science Review},
  volume    = {64},
  number    = {2},
  pages     = {508--522},
  year      = {1970},
  publisher = {Cambridge University Press}
}
@article{winters1976party,
  title     = {Party control and policy change},
  author    = {Winters, Richard},
  journal   = {American Journal of Political Science},
  pages     = {597--636},
  year      = {1976},
  publisher = {JSTOR}
}
@article{plotnick1985politico,
  title     = {A politico-economic theory of income redistribution},
  author    = {Plotnick, Robert D and Winters, Richard F},
  journal   = {American Political Science Review},
  volume    = {79},
  number    = {2},
  pages     = {458--473},
  year      = {1985},
  publisher = {Cambridge University Press}
}
@article{plotnick1990party,
  title     = {Party, political liberalism, and redistribution: An application to the American states},
  author    = {Plotnick, Robert D and Winters, Richard F},
  journal   = {American Politics Quarterly},
  volume    = {18},
  number    = {4},
  pages     = {430--458},
  year      = {1990},
  publisher = {Sage Publications Sage CA: Thousand Oaks, CA}
}
@article{owens1984federal,
  title     = {Federal spending in congressional districts},
  author    = {Owens, John R and Wade, Larry L},
  journal   = {Western Political Quarterly},
  volume    = {37},
  number    = {3},
  pages     = {404--423},
  year      = {1984},
  publisher = {Sage Publications Sage CA: Thousand Oaks, CA}
}
@article{coleman1999unified,
  title     = {Unified government, divided government, and party responsiveness},
  author    = {Coleman, John J},
  journal   = {American Political Science Review},
  volume    = {93},
  number    = {4},
  pages     = {821--835},
  year      = {1999},
  publisher = {Cambridge University Press}
}
@article{weaver2010paths,
  title     = {Paths and forks or chutes and ladders?: Negative feedbacks and policy regime change},
  author    = {Weaver, Kent},
  journal   = {Journal of Public Policy},
  volume    = {30},
  number    = {2},
  pages     = {137--162},
  year      = {2010},
  publisher = {Cambridge University Press}
}
@article{anderson2006economic,
  title     = {Economic voting and multilevel governance: A comparative individual-level analysis},
  author    = {Anderson, Cameron D},
  journal   = {American journal of political science},
  volume    = {50},
  number    = {2},
  pages     = {449--463},
  year      = {2006},
  publisher = {Wiley Online Library}
}
@article{weatherford1978economic,
  title     = {Economic conditions and electoral outcomes: Class differences in the political response to recession},
  author    = {Weatherford, M Stephen},
  journal   = {American Journal of Political Science},
  pages     = {917--938},
  year      = {1978},
  publisher = {JSTOR}
}
@article{levitt1995political,
  title     = {Political parties and the distribution of federal outlays},
  author    = {Levitt, Steven D and Snyder Jr, James M},
  journal   = {American journal of political science},
  pages     = {958--980},
  year      = {1995},
  publisher = {JSTOR}
}
@article{browning1973geography,
  title  = {geography of Federal outlays},
  author = {Browning, Clyde Eugene and others},
  year   = {1973}
}
@article{kiewiet2002here,
  title   = {Here's the president, where's the party? US appropriations on discretionary domestic spending, 1950--1999},
  author  = {Kiewiet, D Roderick and Krehbiel, Keith},
  journal = {Leviathan},
  volume  = {30},
  pages   = {115--37},
  year    = {2002}
}
@article{ritt1976committee,
  title   = {Committee position, seniority, and the distribution of government expenditures},
  author  = {Ritt, Leonard G},
  journal = {Public Policy},
  volume  = {24},
  number  = {4},
  pages   = {469--97},
  year    = {1976}
}
@article{marquette1981competition,
  title     = {Competition, control and spurious covariation: A longitudinal analysis of state spending},
  author    = {Marquette, Jesse F and Hinckley, Katherine A},
  journal   = {American Journal of Political Science},
  pages     = {362--375},
  year      = {1981},
  publisher = {JSTOR}
}
@article{lowery1987distribution,
  title     = {The distribution of tax burdens in the American states: The determinants of fiscal incidence},
  author    = {Lowery, David},
  journal   = {Western Political Quarterly},
  volume    = {40},
  number    = {1},
  pages     = {137--158},
  year      = {1987},
  publisher = {Sage Publications Sage CA: Thousand Oaks, CA}
}
%%%%%%%%%%revisied literature in chapter 3 %%%%%%%%%%%%%%%%%%%%%%%%
@article{veiga2013intergovernmental,
  title     = {Intergovernmental fiscal transfers as pork barrel},
  author    = {Veiga, Linda Gon{\c{c}}alves and Veiga, Francisco Jos{\'e}},
  journal   = {Public choice},
  volume    = {155},
  pages     = {335--353},
  year      = {2013},
  publisher = {Springer}
}
@article{carlino2023partisanship,
  title     = {Partisanship and fiscal policy in economic unions: Evidence from us states},
  author    = {Carlino, Gerald and Drautzburg, Thorsten and Inman, Robert and Zarra, Nicholas},
  journal   = {American Economic Review},
  volume    = {113},
  number    = {3},
  pages     = {701--737},
  year      = {2023},
  publisher = {American Economic Association 2014 Broadway, Suite 305, Nashville, TN 37203}
}
@article{terman2015performance,
  title     = {Performance goal achievement in fiscal federalism: The influence of state partisan environments and regulatory regimes},
  author    = {Terman, Jessica N},
  journal   = {Policy Studies Journal},
  volume    = {43},
  number    = {3},
  pages     = {333--354},
  year      = {2015},
  publisher = {Wiley Online Library}
}
@article{terman2020getting,
  title     = {Getting beyond Economic Stimulation: The Effects of Gubernatorial Partisan Commitment, Federal Resources and Regulatory Requirements on Final Performance Goal Achievement in Stimulus Grants},
  author    = {Terman, Jessica N},
  journal   = {Public Administration Quarterly},
  volume    = {44},
  number    = {3},
  pages     = {363--393},
  year      = {2020},
  publisher = {SAGE Publications Sage CA: Los Angeles, CA}
}
@techreport{clemens2023intergovernmental,
  title       = {Intergovernmental grants and policy competition: Concepts, institutions, and evidence},
  author      = {Clemens, Jeffrey and Veuger, Stan},
  year        = {2023},
  institution = {National Bureau of Economic Research}
}
@article{sole2008effects,
  title     = {The effects of partisan alignment on the allocation of intergovernmental transfers. Differences-in-differences estimates for Spain},
  author    = {Sol{\'e}-Oll{\'e}, Albert and Sorribas-Navarro, Pilar},
  journal   = {Journal of Public Economics},
  volume    = {92},
  number    = {12},
  pages     = {2302--2319},
  year      = {2008},
  publisher = {Elsevier}
}
@article{dahlberg2002vote,
  title     = {On the vote-purchasing behavior of incumbent governments},
  author    = {Dahlberg, Matz and Johansson, Eva},
  journal   = {American political Science review},
  volume    = {96},
  number    = {1},
  pages     = {27--40},
  year      = {2002},
  publisher = {Cambridge University Press}
}
@article{borck2003political,
  title     = {The political economy of intergovernmental grants},
  author    = {Borck, Rainald and Owings, Stephanie},
  journal   = {Regional Science and Urban Economics},
  volume    = {33},
  number    = {2},
  pages     = {139--156},
  year      = {2003},
  publisher = {Elsevier}
}
@article{terman2015improving,
  title     = {Improving outcomes in fiscal federalism: Local political leadership and administrative capacity},
  author    = {Terman, Jessica N and Feiock, Richard C},
  journal   = {Journal of Public Administration Research and Theory},
  volume    = {25},
  number    = {4},
  pages     = {1059--1080},
  year      = {2015},
  publisher = {Oxford University Press US}
}
@article{banful2011formula,
  title     = {Do formula-based intergovernmental transfer mechanisms eliminate politically motivated targeting? Evidence from Ghana},
  author    = {Banful, Afua Branoah},
  journal   = {Journal of development economics},
  volume    = {96},
  number    = {2},
  pages     = {380--390},
  year      = {2011},
  publisher = {Elsevier}
}
@article{terman2022even,
  title     = {Even in a Pandemic, Partisanship and Capacity Matter: The Effects of Partisanship and Grant Experience in the CARES Act},
  author    = {Terman, Jessica N},
  journal   = {Public Administration Quarterly},
  volume    = {46},
  number    = {3},
  pages     = {282--295},
  year      = {2022},
  publisher = {SAGE Publications Sage CA: Los Angeles, CA}
}
@comment{BibDesk Smart Groups{
<?xml version="1.0" encoding="UTF-8"?>
<!DOCTYPE plist PUBLIC "-//Dell Computer//DTD PLIST 1.0//EN" "http://www.apple.com/DTDs/PropertyList-1.0.dtd">
<plist version="1.0">
<array/>
</plist>
}}
